% Encoding: UTF-8
@INPROCEEDINGS{6968612,
author={H. M. {Zawbaa} and M. {Abbass} and S. H. {Basha} and M. {Hazman} and A. E. {Hassenian}},
booktitle={2014 International Conference on Advances in Computing, Communications and Informatics (ICACCI)},
title={An automatic flower classification approach using machine learning algorithms},
year={2014},
volume={},
number={},
pages={895-901},
keywords={biology computing;botany;feature extraction;image classification;image segmentation;image texture;learning (artificial intelligence);support vector machines;automatic flower classification approach;machine learning algorithms;flower categories;feature extraction;scale invariant feature transform;SIFT algorithm;segmentation-based fractal texture analysis;SFTA algorithm;segmentation phase;feature extraction phase;classification phase;support vector machine;SVM;random forests;RF;Image segmentation;Learning systems;Image recognition;Flower Classification;Image Classification;Image Segmentation;Features Extraction;Scale Invariant Feature Transform (SIFT);Segmentation-based Fractal Texture Analysis (SFTA);Support Vector Machine (SVM);Random Forest (RF)},
doi={10.1109/ICACCI.2014.6968612},
ISSN={},
month={Sep.},}

@INPROCEEDINGS{1640927,
author={M. -. {Nilsback} and A. {Zisserman}},
booktitle={2006 IEEE Computer Society Conference on Computer Vision and Pattern Recognition (CVPR'06)},
title={A Visual Vocabulary for Flower Classification},
year={2006},
volume={2},
number={},
pages={1447-1454},
keywords={Vocabulary;Shape;Humans;Foot;Robots;Image databases;Visual databases;Layout;Frequency;Detectors},
doi={10.1109/CVPR.2006.42},
ISSN={},
month={June},}

@INPROCEEDINGS{7818296,
author={Y. {Liu} and F. {Tang} and D. {Zhou} and Y. {Meng} and W. {Dong}},
booktitle={2016 IEEE International Conference on Functional-Structural Plant Growth Modeling, Simulation, Visualization and Applications (FSPMA)},
title={Flower classification via convolutional neural network},
year={2016},
volume={},
number={},
pages={110-116},
keywords={botany;computer vision;image classification;neural nets;convolutional neural network;natural flower classification problem;nonrigid deformation;illumination changes;inter-class similarity;hand-crafted visual features;convolutional layers;flower dataset;classification accuracy;Neural networks;Feature extraction;Image classification;Visualization;Object detection;Convolutional codes;Lighting;flower classification;convolutional neural network},
doi={10.1109/FSPMA.2016.7818296},
ISSN={},
month={Nov},}

@INPROCEEDINGS {new1,
author = {T. Kaneko and T. Saitoh},
booktitle = {Pattern Recognition, International Conference on},
title = {Automatic Recognition of Wild Flowers},
year = {2000},
volume = {2},
issn = {},
pages = {2507},
keywords = {},
doi = {10.1109/ICPR.2000.906123},
url = {https://doi.ieeecomputersociety.org/10.1109/ICPR.2000.906123},
publisher = {IEEE Computer Society},
address = {Los Alamitos, CA, USA},
month = {sep}
}

@INPROCEEDINGS{4756141,
author={M. {Nilsback} and A. {Zisserman}},
booktitle={2008 Sixth Indian Conference on Computer Vision, Graphics Image Processing},
title={Automated Flower Classification over a Large Number of Classes},
year={2008},
volume={},
number={},
pages={722-729},
keywords={feature extraction;image classification;image colour analysis;support vector machines;automated flower classification;SVM classifier;support vector machine;multiple kernel framework;Shape;Kernel;Distributed computing;Support vector machines;Support vector machine classification;object classification;segmentation},
doi={10.1109/ICVGIP.2008.47},
ISSN={},
month={Dec},}

@INPROCEEDINGS{5539947,
author={C. {Kanan} and G. {Cottrell}},
booktitle={2010 IEEE Computer Society Conference on Computer Vision and Pattern Recognition},
title={Robust classification of objects, faces, and flowers using natural image statistics},
year={2010},
volume={},
number={},
pages={2472-2479},
keywords={image classification;image coding;unsupervised learning;object classification;image statistic;translation invariance;sparse coding;unsupervised learning;image classification;Robustness;Statistics;Face detection;Biological system modeling;Detectors;Degradation;Filters;Unsupervised learning;Image databases;Spatial databases},
doi={10.1109/CVPR.2010.5539947},
ISSN={},
month={June},}

@INPROCEEDINGS{7301274,
author={D. {Yoo} and S. {Park} and J. {Lee} and {In So Kweon}},
booktitle={2015 IEEE Conference on Computer Vision and Pattern Recognition Workshops (CVPRW)},
title={Multi-scale pyramid pooling for deep convolutional representation},
year={2015},
volume={},
number={},
pages={71-80},
keywords={geometry;image recognition;image representation;invariance;neural nets;multiscale pyramid pooling;deep convolutional representation;image representation;low-level local descriptors;deep neural activations;convolutional neural networks;mid-level representation;geometric invariance properties;straightforward framework;multiscale dense local activations;Fisher kernel framework;scale-wise normalization;CNN activations;MIT Indoor 67;PASCAL VOC2007;visual recognition tasks;Kernel;Image representation;Visualization;Aggregates;Image recognition;Accuracy;Support vector machines},
doi={10.1109/CVPRW.2015.7301274},
ISSN={},
month={June},}

@INPROCEEDINGS{t1,
author={A. {Lodh} and R. {Parekh}},
booktitle={2017 Devices for Integrated Circuit (DevIC)},
title={Flower recognition system based on color and GIST features},
year={2017},
volume={},
number={},
pages={790-794},
keywords={feature extraction;image classification;image colour analysis;image recognition;image segmentation;natural scenes;pattern classification;support vector machines;flower recognition system;flower species;natural images;surrounding background;flower images;natural background;average color;color distribution;mathematical feature vectors;image features;image classification algorithm;image segmentation method;GIST features;Image color analysis;Feature extraction;Image segmentation;Training;Support vector machines;Data visualization;Integrated circuits;segmentation;recognition;color;GIST;SVM},
doi={10.1109/DEVIC.2017.8074061},
ISSN={},
month={March},}

@INPROCEEDINGS{t2,
author={A. {Najjar} and E. {Zagrouba}},
booktitle={2012 International Conference on Communications and Information Technology (ICCIT)},
title={Flower image segmentation based on color analysis and a supervised evaluation},
year={2012},
volume={},
number={},
pages={397-401},
keywords={image colour analysis;image segmentation;learning (artificial intelligence);flower image segmentation;color analysis;supervised evaluation;OTSU thresholding;Lab color space;Oxford flower collection;Image color analysis;Image segmentation;Image retrieval;Educational institutions;Shape;Computer science;Histograms},
doi={10.1109/ICCITechnol.2012.6285834},
ISSN={},
month={June},}

@INPROCEEDINGS{8090865,
author={W. {Liu} and Y. {Rao} and B. {Fan} and J. {Song} and Q. {Wang}},
booktitle={2017 International Smart Cities Conference (ISC2)},
title={Flower classification using fusion descriptor and SVM},
year={2017},
volume={},
number={},
pages={1-4},
keywords={biology computing;feature extraction;image classification;image coding;image colour analysis;image fusion;image representation;image segmentation;image texture;learning (artificial intelligence);linear codes;object detection;support vector machines;texture information;Pyramid Histogram of Visual Words;Locality-constrained Linear Coding;LLC;SPP;Oxford 17 dataset;color information;Support Vector Machines classifier;integrated feature;Spatial Pyramid Pooling;PHOW feature;Dictionary Learning;flower image;contour information;fused descriptor;feature extraction;effective flower classification approach;SVM;fusion descriptor;Feature extraction;Support vector machines;Kernel;Histograms;Image edge detection;Visualization;Encoding;flower classification;PHOW;LLC;SPP;SVM},
doi={10.1109/ISC2.2017.8090865},
ISSN={null},
month={Sep.},}

@INPROCEEDINGS{5540018,
author={J. {Wang} and J. {Yang} and K. {Yu} and F. {Lv} and T. {Huang} and Y. {Gong}},
booktitle={2010 IEEE Computer Society Conference on Computer Vision and Pattern Recognition},
title={Locality-constrained Linear Coding for image classification},
year={2010},
volume={},
number={},
pages={3360-3367},
keywords={computational complexity;image classification;image coding;image matching;learning (artificial intelligence);least squares approximations;vector quantisation;locality-constrained linear coding;image classification;bag-of-features;nonlinear classifiers;VQ coding;sparse coding strategy;K-nearest-neighbor search;constrained least square fitting problem;computational complexity;spatial pyramid matching;Image coding;Image classification},
doi={10.1109/CVPR.2010.5540018},
ISSN={1063-6919},
month={June},}

@article{CHENG2014416,
title = "Sparse representations based attribute learning for flower classification",
journal = "Neurocomputing",
volume = "145",
pages = "416 - 426",
year = "2014",
issn = "0925-2312",
doi = "https://doi.org/10.1016/j.neucom.2014.05.011",
url = "http://www.sciencedirect.com/science/article/pii/S0925231214005827",
author = "Keyang Cheng and Xiaoyang Tan",
}

@INPROCEEDINGS{6382737,
author={A. F. {Costa} and G. {Humpire-Mamani} and A. J. M. {Traina}},
booktitle={2012 25th SIBGRAPI Conference on Graphics, Patterns and Images},
title={An Efficient Algorithm for Fractal Analysis of Textures},
year={2012},
volume={},
number={},
pages={39-46},
keywords={content-based retrieval;feature extraction;fractals;image classification;image retrieval;image segmentation;image texture;texture feature extraction method;segmentation-based fractal texture analysis;SFTA;input image decomposion;binary images;fractal dimensions;texture pattern segmentation;two-threshold binary decomposition algorithm;TTBD algorithm;content-based image retrieval;CBIR;image classification;Feature extraction;Fractals;Image segmentation;Vectors;Computed tomography;Lungs;Gray-scale;Fractal analysis;texture;feature extraction;content based image retrieval;image classification;image processing},
doi={10.1109/SIBGRAPI.2012.15},
ISSN={1530-1834},
month={Aug},}

@INPROCEEDINGS{5459178,
author={J. {Wu} and J. M. {Rehg}},
booktitle={2009 IEEE 12th International Conference on Computer Vision},
title={Beyond the Euclidean distance: Creating effective visual codebooks using the Histogram Intersection Kernel},
year={2009},
volume={},
number={},
pages={630-637},
keywords={feature extraction;Gaussian processes;learning (artificial intelligence);pattern clustering;support vector machines;Euclidean distance;histogram intersection kernel;visual codebook generation methods;Gaussian mixture model;supervised learning tasks;SVM formulation;k-median clustering method;Euclidean distance;Histograms;Kernel;Layout;Support vector machines;Data mining;Intelligent robots;Code standards;Unsupervised learning;Computational efficiency},
doi={10.1109/ICCV.2009.5459178},
ISSN={1550-5499},
month={Sep.},}

@INPROCEEDINGS{1380068,
author={ {Guang-Bin Huang} and {Qin-Yu Zhu} and {Chee-Kheong Siew}},
booktitle={2004 IEEE International Joint Conference on Neural Networks (IEEE Cat. No.04CH37541)},
title={Extreme learning machine: a new learning scheme of feedforward neural networks},
year={2004},
volume={2},
number={},
pages={985-990 vol.2},
keywords={feedforward neural nets;learning (artificial intelligence);generalisation (artificial intelligence);pattern classification;function approximation;gradient methods;extreme learning machine;single hidden layer feedforward neural networks;learning speed;slow gradient based learning algorithms;neural network training;iterative tuning;function approximation;classification problems;network parameter tuning;Machine learning;Neural networks;Feedforward neural networks;Iterative algorithms;Function approximation;Approximation algorithms;Neurons;Joining processes;Algorithm design and analysis;Multi-layer neural network},
doi={10.1109/IJCNN.2004.1380068},
ISSN={1098-7576},
month={July},}

@ARTICLE{6035797,
author={G. {Huang} and H. {Zhou} and X. {Ding} and R. {Zhang}},
journal={IEEE Transactions on Systems, Man, and Cybernetics, Part B (Cybernetics)},
title={Extreme Learning Machine for Regression and Multiclass Classification},
year={2012},
volume={42},
number={2},
pages={513-529},
keywords={computational complexity;feedforward neural nets;learning (artificial intelligence);least squares approximations;optimisation;pattern classification;polynomials;regression analysis;support vector machines;extreme learning machine;regression;multiclass classification;least square support vector machine;proximal support vector machine;binary classification applications;LS-SVM;PSVM;regularization algorithms;generalized single-hidden-layer feedforward networks;feature mapping;polynomial network;conventional feedforward neural networks;optimization method;ELM;computational complexity;Support vector machines;Optimization;Kernel;Training;Feedforward neural networks;Machine learning;Approximation methods;Extreme learning machine (ELM);feature mapping;kernel;least square support vector machine (LS-SVM);proximal support vector machine (PSVM);regularization network},
doi={10.1109/TSMCB.2011.2168604},
ISSN={1941-0492},
month={April},}

@article{DBLP:journals/corr/SimonyanZ14a,
  added-at = {2016-11-19T13:14:27.000+0100},
  author = {Simonyan, Karen and Zisserman, Andrew},
  bibsource = {dblp computer science bibliography, http://dblp.org},
  biburl = {https://www.bibsonomy.org/bibtex/20ee0434e0a70b329d5518f43f1742f7a/albinzehe},
  interhash = {4e6fa56cb7cf99400d5701543ee228de},
  intrahash = {0ee0434e0a70b329d5518f43f1742f7a},
  journal = {CoRR},
  keywords = {cnn ma-zehe neuralnet},
  timestamp = {2016-11-19T13:14:27.000+0100},
  title = {Very Deep Convolutional Networks for Large-Scale Image Recognition},
  url = {http://arxiv.org/abs/1409.1556},
  volume = {abs/1409.1556},
  year = 2014
}

@ARTICLE{7478072,
author={E. {Shelhamer} and J. {Long} and T. {Darrell}},
journal={IEEE Transactions on Pattern Analysis and Machine Intelligence},
title={Fully Convolutional Networks for Semantic Segmentation},
year={2017},
volume={39},
number={4},
pages={640-651},
keywords={feedforward neural nets;image classification;image representation;image resolution;image segmentation;learning (artificial intelligence);transforms;fully convolutional networks;semantic segmentation;visual models;correspondingly-sized output;spatially dense prediction tasks;contemporary classification networks;learned representations;coarse layer;fine layer;PASCAL VOC;NYUDv2;SIFT Flow;PASCAL-Context;Semantics;Image segmentation;Training;Convolution;Computer architecture;Proposals;Fuses;Semantic Segmentation;Convolutional Networks;Deep Learning;Transfer Learning},
doi={10.1109/TPAMI.2016.2572683},
ISSN={1939-3539},
month={April},}

@article{DBLP:journals/corr/HuangLPLHW17,
  author    = {Gao Huang and
               Yixuan Li and
               Geoff Pleiss and
               Zhuang Liu and
               John E. Hopcroft and
               Kilian Q. Weinberger},
  title     = {Snapshot Ensembles: Train 1, get {M} for free},
  journal   = {CoRR},
  volume    = {abs/1704.00109},
  year      = {2017},
  url       = {http://arxiv.org/abs/1704.00109},
  archivePrefix = {arXiv},
  eprint    = {1704.00109},
  timestamp = {Mon, 10 Sep 2018 15:49:32 +0200},
  biburl    = {https://dblp.org/rec/bib/journals/corr/HuangLPLHW17},
  bibsource = {dblp computer science bibliography, https://dblp.org}
}

@INPROCEEDINGS{8600536,
author={Y. {Wu} and X. {Qin} and Y. {Pan} and C. {Yuan}},
booktitle={2018 IEEE 3rd International Conference on Signal and Image Processing (ICSIP)},
title={Convolution Neural Network based Transfer Learning for Classification of Flowers},
year={2018},
volume={},
number={},
pages={562-566},
keywords={biology computing;convolutional neural nets;feature extraction;image classification;image texture;learning (artificial intelligence);convolution neural network;flower classification lead;ResNet50 models;network initialization model;transfer learning model;deep convolution networks;flower recognition;Oxford flowers dataset;VGG-16 models;VGG-19 models;Inception-v3 models;flower classification approach;Convolution;Feature extraction;Neural networks;Training;Biological system modeling;Data models;Robustness;deep learning;convolution neural network;transfer learning;flowers classification},
doi={10.1109/SIPROCESS.2018.8600536},
ISSN={null},
month={July},}

@ARTICLE{8435127,
author={H. {Hiary} and H. {Saadeh} and M. {Saadeh} and M. {Yaqub}},
journal={IET Computer Vision},
title={Flower classification using deep convolutional neural networks},
year={2018},
volume={12},
number={6},
pages={855-862},
keywords={biology computing;botany;feedforward neural nets;learning (artificial intelligence);object recognition;pattern classification;training stage;robust convolutional neural network classifier;two-step deep learning classifier;flower species;deep convolutional neural networks;flower classification},
doi={10.1049/iet-cvi.2017.0155},
ISSN={1751-9640},
month={},}
@Comment{jabref-meta: databaseType:bibtex;}
